@article{seven,
author = {Kubovy M. and Psotka J.},
title = "{The predominance of seven and the apparent spontaneity of numerical choices}" ,
journal = "{Journal of Experimental Psychology: Human Perception and Performance}" ,
volume = {2},
number = {2},
pages = {291-294},
year = {1976},
doi = {10.1037/0096-1523.2.2.291},
URL = {http://dx.doi.org/10.1037/0096-1523.2.2.291},
eprint = {http://dx.doi.org/10.1037/0096-1523.2.2.291}
}

@InProceedings{ pandas,
  author    = { Wes McKinney },
  title     = { Data Structures for Statistical Computing in Python },
  booktitle = { Proceedings of the 9th Python in Science Conference },
  pages     = { 51 - 56 },
  year      = { 2010 },
  editor    = { St\'efan van der Walt and Jarrod Millman }
} 

@misc{svmrank,
  author={Thorsten Joachims},
  title={SVM-Light Support Vector Machine},
  url="\url{http://www.cs.cornell.edu/People/tj/svm_light}",
  note="[\url{http://www.cs.cornell.edu/People/tj/svm_light}; accessed 28-May-2016]"
}

@misc{rankpy,
  author={Tom\'a\v{s} Tunys},
  title={RankPy: Learning to rank with Python},
  url="\url{https://bitbucket.org/tunystom/rankpy}",
  note="[\url{https://bitbucket.org/tunystom/rankpy}; accessed 28-May-2016]"
}

@misc{ranklib,
  author={Van Dang},
  title={The Lemur Project: RankLib},
  url="\url{https://sourceforge.net/p/lemur/wiki/RankLib}",
  note="[\url{https://sourceforge.net/p/lemur/wiki/RankLib}; accessed 28-May-2016]"
}

@misc{lecture2DataMining,
Author = {M.~Hoogendoorn},
  Institution = {VU University Amsterdam},
  Howpublished = {University Lecture},
  Year = {2016},
  Title = {Data Mining Techniques; Lecture 2}
}
@article{domingos,
author = {Pedro Domingos},
title = "{A Few Useful Things to Know about Machine Learning}" ,
journal = "{Communications of the ACM}" ,
volume = {55},
number = {10},
pages = {78-87},
year = {2012},
doi = {10.1145/2347736.2347755}
}

@misc{stackoverflow,
  author={Stack Exchange},
  title="How does one interpret {SVM} feature weights?",
  url="\url{http://stats.stackexchange.com/questions/39243}",
  note="[\url{http://stats.stackexchange.com/questions/39243}; accessed 16-April-2016]"
}

@misc{sklearnflow,
author={Scikit-learn},
title="Choosing the right estimator",
url="\url{http://scikit-learn.org/stable/tutorial/machine_learning_map/index.html}",
note="[\url{http://scikit-learn.org/stable/tutorial/machine_learning_map/index.html}; accessed 16-April-2016]"
}

@misc{wiki:birthday,
   author = "Wikipedia",
   title = "Birthday problem --- {W}ikipedia{,} {T}he {F}ree {E}ncyclopedia",
   year = "2016",
   url = "\url{https://en.wikipedia.org/w/index.php?title=Birthday_problem&oldid=714598954}",
   note = "[Online; accessed 11-April-2016]"
 }

@misc{kaggle,
   author = "Kaggle inc.",
   title = "Titanic: Machine Learning from Disaster",
   year = "2016",
   url = "\url{https://www.kaggle.com/c/titanic}",
   note = "[{\url{https://www.kaggle.com/c/titanic}}; accessed 15-April-2016]"
 }
 
@misc{kaggle:forums,
   author = "Kaggle inc.",
   title = "Personalize Expedia Hotel Searches - Forums",
   year = "2016",
   url = "\url{https://www.kaggle.com/c/expedia-personalized-sort/forums/t/5784}",
   note = "[{\url{ https://www.kaggle.com/c/expedia-personalized-sort/forums/t/5784 }}; accessed 11-May-2016]"
 }
 
@misc{kaggle:expedia,
   author = "Kaggle inc.",
   title = "Personalize Expedia Hotel Searches - ICDM 2013",
   year = "2016",
   url = "\url{ https://www.kaggle.com/c/expedia-personalized-sort
}",
   note = "[{\url{ https://www.kaggle.com/c/expedia-personalized-sort
}}; accessed 11-May-2016]"
 }
 
@misc{kaggle:presentations,
   author = "Kaggle inc.",
   title = "Expedia personalised sort: presentations of winning algorithms",
   url = "\url{https://www.kaggle.com/c/expedia-personalized-sort/forums/t/6203/winning-algorithm/36215#post36215}",
   note = "[\url{https://www.kaggle.com/c/expedia-personalized-sort/forums/t/6203/winning-algorithm/36215#post36215}; accessed 14-May-2016]"
}

@misc{kaggle:leaderboard,
   author = "Kaggle inc.",
   title = "Expedia personalised sort: final rankings",
   url = "\url{https://www.kaggle.com/c/expedia-personalized-sort/leaderboard/private}",
   note = "[\url{https://www.kaggle.com/c/expedia-personalized-sort/leaderboard/private}; accessed 14-May-2016]"
}

@ARTICLE{bing,
   author = {{Liu}, X. and {Xu}, B. and {Zhang}, Y. and {Yan}, Q. and {Pang}, L. and 
	{Li}, Q. and {Sun}, H. and {Wang}, B.},
    title = "{Combination of Diverse Ranking Models for Personalized Expedia Hotel Searches}",
  journal = {ArXiv e-prints},
archivePrefix = "arXiv",
   eprint = {1311.7679},
 primaryClass = "cs.LG",
 keywords = {Computer Science - Learning},
     year = 2013,
    month = nov,
   adsurl = {http://adsabs.harvard.edu/abs/2013arXiv1311.7679L},
  adsnote = {Provided by the SAO/NASA Astrophysics Data System}
}

@MastersThesis{wind,
   author = "David Kofoed Wind",
   title = "{{Concepts in Predictive Machine Learning}}",
   school = {Technical University of Denmark},
}

@misc{kaggle:galaxy,
   author = "Sander Dieleman",
   title = "My solution for the Galaxy Zoo challenge",
   year = "2016",
   url = "\url{http://benanne.github.io/2014/04/05/galaxy-zoo.html}",
note = "[{\url{http://benanne.github.io/2014/04/05/galaxy-zoo.html}}; accessed 16-April-2016]"
 }

@misc{birthday,
author = {Anirban DasGupta},
title = "{The matching, birthday and the strong birthday
problem: a contemporary review}" ,
journal = "{Journal of Statistical Planning and
Inference}" ,
volume = {130},
pages = {377 â€“ 389},
year = {2003},
doi = {10.1016/j.jspi.2003.11.015},
url = "https://www.math.ucdavis.edu/~tracy/courses/math135A/UsefullCourseMaterial/birthday.pdf",
eprint = {http://dx.doi.org/10.1016/j.jspi.2003.11.015},
note = "[\url{https://www.math.ucdavis.edu/~tracy/courses/math135A/UsefullCourseMaterial/birthday.pdf}; accessed 11-April-2016] "
}

@article{burges2010,
  title={From ranknet to lambdarank to lambdamart: An overview},
  author={Burges, Christopher JC},
  journal={Learning},
  volume={11},
  pages={23--581},
  year={2010}
}

@book{witten,
   author = "Ian H. Witten, Frank Eibe, Mark A. Hall",
   title = "{Data mining : practical machine learning tools and techniques}",
   publisher = "Elsevier",
   edition = "Third",
   year = "2011"
}

@misc{sdss,
  author = "{Astrophysical Research Consortium}",
  title = "{Sloan Digital Sky Survey}",
  note = "[{\url{http://www.sdss.org/}}; accessed 16-April-2016]"
}

@misc{candels,
  author = "{Astrophysical Research Consortium}",
  title = "{Cosmic Assembly Near-infrared Deep Extra-galactic Legacy Survey}",
  note = "[{\url{http://candels.ucolick.org/}}; accessed 416-april-2016]"
}